@misc{bayes1763-essay,
  title={An essay towards solving a problem in the doctrine of chances.},
  author={Bayes, Thomas},
  editor={Price},
  journal={Letter to John Canton},
  year={1763},
}

@book{bishop2006-PRML,
  title={Pattern recognition and machine learning},
  author={Bishop, Christopher M},
  year={2006},
  publisher={springer},
}

@article{boole1952-lawsOfThought,
  title={An Investigation of the Laws of Thought},
  author={Boole, George},
  journal={Collected Logical Works},
  volume={2},
  year={1952},
}

@article{cox1946-reasonableExpectation,
  title={Probability, frequency and reasonable expectation},
  author={Cox, Richard T},
  journal={American journal of physics},
  volume={14},
  number={1},
  pages={1--13},
  year={1946},
  publisher={AAPT},
}


@inproceedings{deFinetti1937-coherence,
  title={La pr{\'e}vision: ses lois logiques, ses sources subjectives},
  author={De Finetti, Bruno},
  booktitle={Annales de l'institut Henri Poincar{\'e}},
  volume={7},
  number={1},
  pages={1--68},
  year={1937},
}

@book{devlin2008-theUnfinishedGame,
   title =     {The Unfinished game: Pascal, Fermat and the letters},
   author =    {Keith Devlin},
   publisher = {Basic Books},
   isbn =      {0465009107,9780465009107,9780786726325},
   year =      {2008},
   edition =   {1},
}


@book{halpern2017-RAU2,
  title={Reasoning about uncertainty},
  author={Halpern, Joseph Y},
  year={2017},
  edition={2nd},
  publisher={MIT press},
}


@article{kelly1956-informationRate,
  title={A New Interpretation of Information Rate},
  author={Kelly jr, John L},
  journal={Bell System Technical Journal},
  year={1956},
}

@book{koller2009-PGM,
  title={Probabilistic graphical models: principles and techniques},
  author={Koller, Daphne and Friedman, Nir},
  year={2009},
  publisher={MIT press}
}

@article{kolmogorov1950-foundations,
  title={Foundations of the theory of probability.},
  author={Kolmogorov, AN},
  year={1950},
  journal={Chelsea Publishing Co.},
}


@book{jaynes2003-bookProbabilityTheory,
  title={Probability theory: The logic of science},
  author={Jaynes, Edwin T},
  year={2003},
  publisher={Cambridge university press},
}

@book{jeffreys-inference3,
   title = {Scientific Inference},
   author =    {Jeffreys, Harold},
   publisher = {Cambridge University Press},
   isbn =      {0521084466, 978-0521084468},
   year =      {1973},
   edition =   {3rd},
}


@book{laplace1820-probabilites,
  title={Th\'eorie analytique des probabilit\'es},
  author={Laplace, Pierre Simon},
  year={1820},
  publisher={Courcier},
}


@book{mackay2003-informationInferenceLearning,
title={Information theory, inference and learning algorithms},
author={MacKay, David JC and Mac Kay, David JC},
year={2003},
publisher={Cambridge university press},
}

@book{pearl2009-causality,
  title={Causality},
  author={Pearl, Judea},
  year={2009},
  publisher={Cambridge university press},
}



@article{shannon1948-theoryOfCommunication,
title={A mathematical theory of communication},
author={Shannon, Claude Elwood},
journal={Bell system technical journal},
volume={27},
number={3},
pages={379--423},
year={1948},
publisher={Wiley Online Library},
}


